@article{qureshi2013survey,
  title={A survey on intelligent transportation systems},
  author={Qureshi, Kashif Naseer and Abdullah, Abdul Hanan},
  journal={Middle-East Journal of Scientific Research},
  volume={15},
  number={5},
  pages={629--642},
  year={2013}
}

@article{anwer2014survey,
  title={A survey of VANET technologies},
  author={Anwer, M Shahid and Guy, Chris},
  journal={Journal of Emerging Trends in Computing and Information Sciences},
  volume={5},
  number={9},
  pages={661--671},
  year={2014},
  publisher={Citeseer}
}

@article{hahn2019security,
  title={Security and privacy issues in intelligent transportation systems: Classification and challenges},
  author={Hahn, Dalton and Munir, Arslan and Behzadan, Vahid},
  journal={IEEE Intelligent Transportation Systems Magazine},
  volume={13},
  number={1},
  pages={181--196},
  year={2019},
  publisher={IEEE},
  doi={10.1109/MITS.2019.2898973}
}

@article{kathiriya2013traffic,
  title={Traffic detection in VANET using NS2 and SUMO},
  author={Kathiriya, Hiren and Bavarva, Arjav},
  journal={Traffic},
  pages={1--7},
  year={2013}
}

@article{raj2014simulation,
  title={Simulation of VANET using ns-3 and SUMO},
  author={Raj, Chitraxi and Upadhayaya, Urvik and Makwana, Twinkle and Mahida, Payal},
  journal={International Journal of Advanced Research in Computer Science and Software Engineering},
  volume={4},
  number={4},
  year={2014}
}

@inproceedings{salleh2006trace,
  title={Trace analyzer for ns-2},
  author={Salleh, Aliff Umair and Ishak, Zulkifli and Din, Norashidah Md and Jamaludin, Md Zaini},
  booktitle={2006 4th Student Conference on Research and Development},
  pages={29--32},
  year={2006},
  organization={IEEE}
}

@inproceedings{temurnikar2021design,
  title={Design and simulation: a multi-hop clustering approach of VANET using SUMO and NS2},
  author={Temurnikar, Ankit and Verma, Pushpneel and Choudhary, Jay Trilok},
  booktitle={Soft Computing for Problem Solving: Proceedings of SocProS 2020, Volume 1},
  pages={555--569},
  year={2021},
  organization={Springer}
}

@article{karunakar2020analysis,
  title={Analysis of position based routing Vanet protocols using Ns2 simulator},
  author={Karunakar, Pothuganti and Matta, Jagadish and Singh, RP and Kumar, O Ravi},
  journal={International Journal of Innovative Technology and Exploring Engineering (IJITEE)},
  volume={9},
  number={5},
  pages={01--04},
  year={2020}
}

@article{poonia2012performance,
  title={Performance evaluation of radio propagation model for vehicular ad hoc networks using vanetmobisim and ns-2},
  author={Poonia, Ramesh C and Singh, Vikram},
  journal={International Journal of Distributed and Parallel Systems (IJDPS)},
  volume={3},
  number={4},
  pages={145--155},
  year={2012}
}

@inproceedings{pande2021performance,
  title={Performance Analysis of AODV Routing Protocol in VANET Using NS-2 and SUMO},
  author={Pande, Sumit and Sadakale, Ranjit and Ramesh, NVK},
  booktitle={WCNC-2021: Workshop on Computer Networks \& Communications},
  year={2021}
}

@article{seema2022simulation,
  title={Simulation-based performance evaluation of VANET routing protocols under Indian traffic scenarios},
  author={Seema, Sudesh Kumar and Sharma, Suresh Kumar and Khan, Suhel Ahmad and Singh, Pawan},
  journal={ICIC Express Letters},
  volume={16},
  number={1},
  pages={67--74},
  year={2022}
}

@article{sarao2018comparison,
  title={Comparison of AODV, DSR, and DSDV Routing Protocols in a Wireless Network.},
  author={Sarao, Pushpender},
  journal={J. Commun.},
  volume={13},
  number={4},
  pages={175--181},
  year={2018}
}

@article{ibrahim2015nsgtfa,
  title={Nsgtfa: A gui tool to easily measure network performance through the ns2 trace file},
  author={Ibrahim, Idris Skloul and King, Peter JB and Loidl, Hans-Wolfgang},
  journal={Journal of Intelligent Systems},
  volume={24},
  number={4},
  pages={467--477},
  year={2015},
  publisher={De Gruyter}
}

@inproceedings{kaisser2012simulations,
  title={Simulations of vanet scenarios with opnet and sumo},
  author={Kaisser, Florent and Gransart, Christophe and Berbineau, Marion},
  booktitle={Communication Technologies for Vehicles: 4th International Workshop, Nets4Cars/Nets4Trains 2012, Vilnius, Lithuania, April 25-27, 2012. Proceedings 4},
  pages={103--112},
  year={2012},
  organization={Springer}
}

@inproceedings{mahrenholz2004real,
  title={Real-time network emulation with ns-2},
  author={Mahrenholz, Daniel and Ivanov, Svilen},
  booktitle={eighth IEEE international symposium on distributed simulation and real-time applications},
  pages={29--36},
  year={2004},
  organization={IEEE}
}

@misc{hassan2009vanet,
  title={VANET simulation},
  author={Hassan, Aamir},
  year={2009},
  publisher={H{\"o}gskolan i Halmstad/Sektionen f{\"o}r Informationsvetenskap, Data-och~…}
}

@article{shastri2017simulation,
  title={Simulation Study of VANET Routing Protocols on NS-2 and NS-3},
  author={Shastri, Dipti and Lala, Ajay},
  journal={International Journal of Science and Research (IJSR)},
  volume={6},
  number={2},
  pages={1408--1412},
  year={2017}
}

@Misc{ns2_docs,
  title		  = {{Network Simulator 2}},
  year		  = 2000,
  url		  = {https://ns2simulator.com/ns2-download/},
}

@Misc{ns2_awk_scripts,
  title		  = {{Скрипты для анализа трейс-файлов NS-2}},
  year		  = 2013,
  url		  = {https://www.nsnam.com/2013/03/awk-scripts-for-ns2-to-process-data.html},
}

@Misc{ns2_analisys_tools,
  title		  = {{Инструменты для анализа трейс-файлов NS-2}},
  year		  = 2014,
  url		  = {https://www.nsnam.com/2014/11/app-tool-for-analysing-tracefiles-for.html},
}

@Misc{simple_modeling_ns2,
  title		  = {{Простое моделирование протокола VANET с использованием функций уровня TCL ns-2}},
  year		  = 2013,
  url		  = {https://www.projectguideline.com/a-simple-vanet-protocol-simulation-using-tcl-level-functions-of-ns-2/},
}

@Misc{ns2_examples,
  title		  = {{Примеры скриптов ns-2}},
  year		  = 2021,
  url		  = {https://github.com/fayazur-mohammad/DCN-with-ns-2/blob/main/Exp02b.tcl},
}


@Misc{sumo_docs,
  title		  = {{Документация SUMO}},
  year		  = 2001,
  url		  = {https://sumo.dlr.de/docs/},
}


@inproceedings{rizwan2018vanet,
  title={VANET routing protocols: review, implementation and analysis},
  author={Rizwan Ghori, Muhammad and Safa Sadiq, Ali and Ghani, Abdul},
  booktitle={Journal of physics: conference series},
  volume={1049},
  pages={012064},
  year={2018},
  organization={IOP Publishing}
}

@article{mahdi2021performance,
  title={Performance evaluation for vehicular ad-hoc networks based routing protocols},
  author={Mahdi, Hussain Falih and Abood, Mohammed Salah and Hamdi, Mustafa Maad},
  journal={Bulletin of Electrical Engineering and Informatics},
  volume={10},
  number={2},
  pages={1080--1091},
  year={2021}
}

@article{phouthone2015simulation,
  title={Simulation based and analysis of routing protocols for vanet using vanetmobisim and NS-2},
  author={Phouthone, Vongpasith and Dong, Wang},
  journal={Int. J. Comput. Eng. Technol},
  volume={6},
  pages={32--41},
  year={2015}
}